<?xml version="1.0" encoding="UTF-8" ?>
<record Numero="13939360" format="InterXMarc_Complet" type="Authority">
<leader>00674c1 au22000272  45  <Pos Code="0004">00674</Pos>
<Pos Code="05" Sens="notice modifiée">c</Pos>
<Pos Code="06" Sens="notice validée en catalogage courant">1</Pos>
<Pos Code="08" Sens="notice d&apos;autorité">a</Pos>
<Pos Code="09" Sens="titre uniforme musical (TUM)">u</Pos>
<Pos Code="10">2</Pos>
<Pos Code="11">2</Pos>
<Pos Code="1216">00027</Pos>
<Pos Code="17" Sens="autres cas">2</Pos>
<Pos Code="20">4</Pos>
<Pos Code="21">5</Pos>
</leader>
<controlfield tag="001">FRBNF139393608<Pos Code="0001">FR</Pos>
<Pos Code="0204">BNF</Pos>
<Pos Code="0512">13939360</Pos>
<Pos Code="13">8</Pos>
</controlfield>
<controlfield tag="008">910618990929yyger li        1917      ....                   1   <Pos Code="0001">91</Pos>
<Pos Code="0203">06</Pos>
<Pos Code="0405">18</Pos>
<Pos Code="0607">99</Pos>
<Pos Code="0809">09</Pos>
<Pos Code="1011">29</Pos>
<Pos Code="1213" Sens="ne s&apos;applique pas">yy</Pos>
<Pos Code="1416" Sens="allemand">ger</Pos>
<Pos Code="1820">li </Pos>
<Pos Code="2831">1917</Pos>
<Pos Code="3841">....</Pos>
<Pos Code="61" Sens="La vedette peut être liée à une notice bibliographique sauf pour l&apos;accès matière RAMEAU">1</Pos>
</controlfield>
<datafield tag="048" ind1=" " ind2=" ">
	<subfield code="a">va01<Pos Code="0001" Sens="voix - soprano">va</Pos>
<Pos Code="02">0</Pos>
<Pos Code="03">1</Pos>
</subfield>
	<subfield code="a">wc01<Pos Code="0001" Sens="instruments à vent - clarinette">wc</Pos>
<Pos Code="02">0</Pos>
<Pos Code="03">1</Pos>
</subfield>
	<subfield code="a">wg01<Pos Code="0001" Sens="instruments à vent - clarinette basse">wg</Pos>
<Pos Code="02">0</Pos>
<Pos Code="03">1</Pos>
</subfield>
	<subfield code="a">sa01<Pos Code="0001" Sens="cordes frottées - violon">sa</Pos>
<Pos Code="02">0</Pos>
<Pos Code="03">1</Pos>
</subfield>
	<subfield code="a">sc01<Pos Code="0001" Sens="cordes frottées - violoncelle">sc</Pos>
<Pos Code="02">0</Pos>
<Pos Code="03">1</Pos>
</subfield>
</datafield>
<datafield tag="100" ind1=" " ind2=" ">
	<subfield code="3">13901057</subfield>
	<subfield code="w"> 0  b     </subfield>
	<subfield code="a">Webern</subfield>
	<subfield code="m">Anton</subfield>
	<subfield code="d">1883-1945</subfield>
</datafield>
<datafield tag="144" ind1="1" ind2=" ">
	<subfield code="w">....b.....</subfield>
	<subfield code="a">Sechs Lieder nach Gedichten von Georg Trakl </subfield>
	<subfield code="p">Op. 14</subfield>
</datafield>
<datafield tag="444" ind1="1" ind2=" ">
	<subfield code="w">....b.....</subfield>
	<subfield code="a" Barre="2">6 Lieder</subfield>
	<subfield code="p">Op. 14</subfield>
</datafield>
<datafield tag="444" ind1="1" ind2=" ">
	<subfield code="w">....b.....</subfield>
	<subfield code="a">Trakl Lieder</subfield>
	<subfield code="p">Op. 14</subfield>
</datafield>
<datafield tag="600" ind1=" " ind2=" ">
	<subfield code="a">Poèmes de Georg Trakl</subfield>
	<subfield code="a">Comprend : Die Sonne ; Abendland I ; Abendland II ; Abendland III ; Nachts ; Gesang einer gefangenen Amsel</subfield>
	<subfield code="a">Créé à Donaueschingen</subfield>
</datafield>
<datafield tag="600" ind1=" " ind2=" ">
	<subfield code="a">Date de composition : 1917-21</subfield>
</datafield>
<datafield tag="600" ind1=" " ind2=" ">
	<subfield code="a">1re exécution : 1924-07-26</subfield>
</datafield>
<datafield tag="610" ind1=" " ind2=" ">
	<subfield code="a">Grove 6</subfield>
	<subfield code="a">Dictionnaire des oeuvres de l&apos;art vocal / Honegger</subfield>
</datafield>
<datafield tag="917" ind1=" " ind2=" ">
	<subfield code="o">OPC</subfield>
	<subfield code="a">100701590</subfield>
</datafield>
<Alter Ori="13901057">
<datafield tag="400" ind1=" " ind2=" ">
	<subfield code="w">    b     </subfield>
	<subfield code="a">Webern</subfield>
	<subfield code="m">Anton von</subfield>
	<subfield code="d">1883-1945</subfield>
</datafield>
<datafield tag="400" ind1=" " ind2=" ">
	<subfield code="w">    b     </subfield>
	<subfield code="a">Webern</subfield>
	<subfield code="m">Anton Friedrich Wilhelm von</subfield>
	<subfield code="d">1883-1945</subfield>
</datafield>
</Alter>
<Attr Nom="IDPerenne">ark:/12148/cb13939360m</Attr>
<Attr Nom="NumSource">OPC 100701590</Attr>
<Attr Nom="Source" Sens="BnF catalogue général (depuis 1999)">A</Attr>
<Attr Nom="NumAutoriteLiee">13901057</Attr>
<Attr Nom="DateCreation">18/06/ 1991</Attr>
<Attr Nom="ResponsableCreation">MIGV2</Attr>
<Attr Nom="StructCreation">1</Attr>
<Attr Nom="DateDerniereValidation">08/11/ 2010</Attr>
<Attr Nom="ResponsableDerniereValidation">MIGV4</Attr>
<Attr Nom="StructPremiereValidation">1</Attr>
<Attr Nom="DatePremiereValidation">18/06/ 1991</Attr>
<Attr Nom="ResponsablePremiereValidation">MIGV2</Attr>
<Attr Nom="StructDerniereValidation">1</Attr>
<Attr Nom="NumSource">PNA 00080606</Attr>
</record>
